@book{ssm-book-intro2007,
  title={An introduction to state space time series analysis},
  author={Commandeur, Jacques JF and Koopman, Siem Jan},
  year={2007},
  publisher={Oxford University Press, USA}
}